@article{Shor_1997,
   title={Polynomial-Time Algorithms for Prime Factorization and Discrete Logarithms on a Quantum Computer},
   volume={26},
   number={5},
   journal={SIAM Journal on Computing},
   publisher={Society for Industrial & Applied Mathematics (SIAM)},
   author={Shor, Peter W.},
   year={1997},
   month={Oct},
   pages={1484–1509}
}

@misc{Qiskit,
    author = {H{\'e}ctor Abraham and others},
    title = {Qiskit: An Open-source Framework for Quantum Computing},
    year = {2019},
}

@article{Marg_1994,
  title={Simple quantum gates},
  author={Margolus, N},
  journal={Unpublished manuscript (circa 1994)},
  year={1994}
}

@misc{Song_2003,
      title={}, 
      author={Song, Guang and Klappenecker, Andreas},
      year={2003},
      eprint={quant-ph/0312225},
      archivePrefix={arXiv},
      primaryClass={quant-ph}
}

@article{Barenco_1995,
   title={Elementary gates for quantum computation},
   volume={52},
   number={5},
   journal = {Phys. Rev. A},
   publisher={American Physical Society (APS)},
   author={Barenco, Adriano and Bennett, Charles H. and Cleve, Richard and DiVincenzo, David P. and Margolus, Norman and Shor, Peter and Sleator, Tycho and Smolin, John A. and Weinfurter, Harald},
   year={1995},
   month={Nov},
   pages={3457–3467}
}

@article{Kjaergaard2020,
author = {Kjaergaard, Morten and Schwartz, Mollie E. and Braumüller, Jochen and Krantz, Philip and Wang, Joel I.-J. and Gustavsson, Simon and Oliver, William D.},
title = {Superconducting Qubits: Current State of Play},
journal = {Annual Review of Condensed Matter Physics},
volume = {11},
number = {1},
pages = {369-395},
year = {2020},
}

@article{PhysRevA.93.022311,
  title = {Advantages of using relative-phase Toffoli gates with an application to multiple control Toffoli optimization},
  author = {Maslov, Dmitri},
  journal = {Phys. Rev. A},
  volume = {93},
  issue = {2},
  pages = {022311},
  numpages = {12},
  year = {2016},
  month = {Feb},
  publisher = {American Physical Society},
}

@book{Mike&Ike,
    author = {Nielsen, Michael A. and Chuang, Isaac L.},
    title = {Quantum Computation and Quantum Information: 10th Anniversary Edition},
    year = {2011},
    publisher = {Cambridge University Press},
    address = {USA},
    edition = {10th}
}

@misc{shende2008cnotcost,
    title={On the CNOT-cost of TOFFOLI gates},
    author={Vivek V. Shende and Igor L. Markov},
    year={2008},
    eprint={0803.2316},
    archivePrefix={arXiv},
    primaryClass={quant-ph}
}

@article{Nphoton.2012.259.10.1038,
   title={Experimental realization of Shor’s quantum factoring algorithm using qubit recycling},
   volume={6},
   author={Martín-López, Enrique and Laing, Anthony and Lawson, Thomas and Alvarez, Roberto and Zhou, Xiao-Qi and O’Brien, Jeremy L.},
   journal={Nature Photonics},
   number={11},
   publisher={Springer Science and Business Media LLC},
   year={2012},
   month={Oct},
   pages={773–776}
}

@unpublished{skosana2021demonstration,
      title={Demonstration of Shor's factoring algorithm for N=21 on IBM quantum processors}, 
      journal={Scientific Reports},
      author={Unathi Skosana and Mark Tame},
      year={2021},
      note={(To appear in Scientific Reports)}
}

@article{PhysRevA.100.012305,
  title = {Experimental study of Shor's factoring algorithm using the IBM Q Experience},
  author = {Amico, Mirko and Saleem, Zain H. and Kumph, Muir},
  journal = {Phys. Rev. A},
  volume = {100},
  issue = {1},
  pages = {012305},
  numpages = {9},
  year = {2019},
  month = {Jul},
  publisher = {American Physical Society},
}

@article{Nielsen_2002,
   title={A simple formula for the average gate fidelity of a quantum dynamical operation},
   volume={303},
   number={4},
   journal={Physics Letters A},
   publisher={Elsevier BV},
   author={Nielsen, Michael A},
   year={2002},
   month={Oct},
   pages={249–252}
}


@article{Magesan_2011,
   title={Gate fidelity fluctuations and quantum process invariants},
   volume={84},
   number={1},
   journal={Physical Review A},
   publisher={American Physical Society (APS)},
   author={Magesan, Easwar and Blume-Kohout, Robin and Emerson, Joseph},
   year={2011},
   month={Jul}
}
